<?xml version="1.0" encoding="UTF-8"?>
<collection xmlns:xsi="http://www.w3.org/2001/XMLSchema-instance" xsi:schemaLocation="http://www.loc.gov/MARC21/slim http://www.loc.gov/standards/marcxml/schema/MARC21slim.xsd" xmlns="http://www.loc.gov/MARC21/slim">
<record>
  <leader>00971cam a2200217 a 4500</leader>
  <controlfield tag="001">3062980</controlfield>
  <controlfield tag="003">NNC</controlfield>
  <controlfield tag="005">20130426014911.0</controlfield>
  <controlfield tag="008">980206s1950    ua            000 0 arard</controlfield>
  <datafield tag="035" ind1=" " ind2=" ">
    <subfield code="a">(OCoLC)ocm38369019</subfield>
  </datafield>
  <datafield tag="035" ind1=" " ind2=" ">
    <subfield code="9">ATN4739CU</subfield>
  </datafield>
  <datafield tag="035" ind1=" " ind2=" ">
    <subfield code="a">(NNC)3062980</subfield>
  </datafield>
  <datafield tag="040" ind1=" " ind2=" ">
    <subfield code="a">WAU</subfield>
    <subfield code="c">WAU</subfield>
    <subfield code="d">ZCU</subfield>
  </datafield>
  <datafield tag="099" ind1=" " ind2=" ">
    <subfield code="a">893.799</subfield>
    <subfield code="a">M897</subfield>
  </datafield>
  <datafield tag="100" ind1="1" ind2=" ">
    <subfield code="a">Ibn al-Tabbānī, Muḥammad al-ʻArabī,</subfield>
    <subfield code="d">-1948.</subfield>
  </datafield>
  <datafield tag="245" ind1="1" ind2="0">
    <subfield code="a">Majmūʻ thalāth rasāʾil /</subfield>
    <subfield code="c">taʾlīf Muḥammad al-ʻArabī ibn al-Tabbānī ibn al-Ḥusayn al-Wāḥidī al-Maghribī.</subfield>
  </datafield>
  <datafield tag="260" ind1=" " ind2=" ">
    <subfield code="a">Miṣr :</subfield>
    <subfield code="b">Maktabat Muṣṭafá al-Bābī al-Ḥalabī,</subfield>
    <subfield code="c">1950.</subfield>
  </datafield>
  <datafield tag="300" ind1=" " ind2=" ">
    <subfield code="a">80 p. ;</subfield>
    <subfield code="c">17 cm.</subfield>
  </datafield>
  <datafield tag="505" ind1="0" ind2=" ">
    <subfield code="a">Isʻāf al-Muslimīn wa-al-Muslimāt bi-jawāz al-qirāʾah wa-wuṣūl thawābihā ilá al-amwāt -- Iʻtiqād ahl al-īmān bi-al-Qurʾān bi-nuzūl al-Masīḥ ibn Maryam ākhir al-zaman -- Khulaṣat al-kalām fī al-murād bi-al-masjid al-ḥarām.</subfield>
  </datafield>
  <datafield tag="650" ind1=" " ind2="0">
    <subfield code="a">Islam.</subfield>
  </datafield>
  <datafield tag="955" ind1=" " ind2=" ">
    <subfield code="b">CU58844805</subfield>
    <subfield code="d">off,glx</subfield>
    <subfield code="e">893.799 M897</subfield>
  </datafield>
</record>
</collection>